<?xml version="1.0" encoding="UTF-8"?><collection xmlns="http://www.loc.gov/MARC21/slim"><record><leader>00380nam--2200121-i-4500</leader><controlfield tag="001">000044661</controlfield><controlfield tag="002">20161230</controlfield><controlfield tag="005">20161230201044</controlfield><controlfield tag="008">060222s1000------------r-----000-0-eng-d</controlfield><datafield ind1=" " ind2=" " tag="100"><subfield code="a">Thompson, Brian J. And Parrent, George B</subfield></datafield><datafield ind1=" " ind2=" " tag="245"><subfield code="a">Physical optics notebook</subfield></datafield><datafield ind1=" " ind2=" " tag="260"><subfield code="a">Redondo Beach, California, Society Of Photo-optical Instrumentation Engineers, 1971, Vii + 63p</subfield></datafield><datafield ind1=" " ind2=" " tag="852"><subfield code="a">42267</subfield></datafield></record></collection>